<?xml version="1.0" encoding="UTF-8"?><collection xmlns="http://www.loc.gov/MARC21/slim"><record><leader>00403nam--2200145-i-4500</leader><controlfield tag="001">000009987</controlfield><controlfield tag="002">20161230</controlfield><controlfield tag="005">20161230201028</controlfield><controlfield tag="008">060222s1000------------r-----000-0-eng-d</controlfield><datafield ind1=" " ind2=" " tag="080"><subfield code="a">621.372</subfield></datafield><datafield ind1=" " ind2=" " tag="100"><subfield code="a">Balabanian, Norman</subfield></datafield><datafield ind1=" " ind2=" " tag="245"><subfield code="a">Network synthesis</subfield></datafield><datafield ind1=" " ind2=" " tag="260"><subfield code="a">Englewood Cliffs, N.J., Prentice-hall, Inc., 1 958. Xi + 433 P</subfield></datafield><datafield ind1=" " ind2=" " tag="490"><subfield code="a">Prentice-hall Electrical Engineering Series</subfield></datafield><datafield ind1=" " ind2=" " tag="852"><subfield code="a">36262</subfield></datafield></record></collection>